<?xml version="1.0" encoding="UTF-8"?><collection xmlns="http://www.loc.gov/MARC21/slim"><record><leader>00381nam--2200145-i-4500</leader><controlfield tag="001">000003410</controlfield><controlfield tag="002">20161230</controlfield><controlfield tag="005">20170113233639</controlfield><controlfield tag="008">060222s1000------------r-----000-0-eng-d</controlfield><datafield ind1=" " ind2=" " tag="100"><subfield code="a">Cabannes, Jean</subfield></datafield><datafield ind1=" " ind2=" " tag="245"><subfield code="a">Anisotropie des molecules. Effet Raman.Conferen ces, Mai 1930</subfield></datafield><datafield ind1=" " ind2=" " tag="260"><subfield code="a">Paris</subfield><subfield code="b">Hermann Et Cie</subfield><subfield code="c">1930</subfield></datafield><datafield ind1=" " ind2=" " tag="300"><subfield code="a">66 p</subfield></datafield><datafield ind1=" " ind2=" " tag="852"><subfield code="a">344</subfield></datafield><datafield ind1=" " ind2=" " tag="CAT"><subfield code="a">SYS</subfield><subfield code="c">20170113</subfield><subfield code="h">233639</subfield></datafield></record></collection>